<?xml version="1.0" encoding="UTF-8"?><collection xmlns="http://www.loc.gov/MARC21/slim"><record><leader>00339nam--2200121-i-4500</leader><controlfield tag="001">000004020</controlfield><controlfield tag="002">20161230</controlfield><controlfield tag="005">20161230201025</controlfield><controlfield tag="008">060222s1000------------r-----000-0-eng-d</controlfield><datafield ind1=" " ind2=" " tag="100"><subfield code="a">Butlerov, A.M</subfield></datafield><datafield ind1=" " ind2=" " tag="245"><subfield code="a">Lucrari alese de chimie organica. traducere di n linba rusa</subfield></datafield><datafield ind1=" " ind2=" " tag="260"><subfield code="a">Bucuresti, Ed.Acad.R.P.R., 1956 462 P. + Erata</subfield></datafield><datafield ind1=" " ind2=" " tag="852"><subfield code="a">4990</subfield></datafield></record></collection>